<?xml version="1.0" encoding="utf-8"?>
<record xmlns="http://www.loc.gov/MARC21/slim" xmlns:xsi="http://www.w3.org/2001/XMLSchema-instance" xsi:schemaLocation="http://www.loc.gov/MARC21/slim http://www.loc.gov/standards/marcxml/schema/MARC21slim.xsd">
	<leader>     nam a22     Mi 4500</leader>
	<controlfield tag="001">478822</controlfield>
	<controlfield tag="003">NjP</controlfield>
	<controlfield tag="006">m        d        </controlfield>
	<controlfield tag="007">cr cn |||m|||a</controlfield>
	<controlfield tag="008">180326s1985    ir      ob    001 0 ara d</controlfield>
	<datafield ind1="7" ind2=" " tag="024">
		<subfield code="a">princeton_aco001101</subfield>
		<subfield code="2">local</subfield>
	</datafield>
	<datafield ind1=" " ind2=" " tag="040">
		<subfield code="a">ZYU</subfield>
		<subfield code="b">eng</subfield>
		<subfield code="c">ZYU</subfield>
	</datafield>
	<datafield ind1=" " ind2=" " tag="079">
		<subfield code="a">ocm26275716</subfield>
	</datafield>
	<datafield ind1="1" ind2=" " tag="100">
		<subfield code="6">880-01</subfield>
		<subfield code="a">Baḥrānī, Yūsuf,</subfield>
		<subfield code="d">-1772?</subfield>
		<subfield code="0">(uri)http://id.loc.gov/authorities/names/n88674539</subfield>
	</datafield>
	<datafield ind1="1" ind2="0" tag="245">
		<subfield code="6">880-02</subfield>
		<subfield code="a">Ajwibat al-masāʼil al-Bahbahānīyah allatī saʼalahā al-Sayyid ʻAbd Allāh al-Bilādī al-Baḥrānī</subfield>
		<subfield code="h">[electronic resource] /</subfield>
		<subfield code="c">taṣnīf Yūsuf ibn Aḥmad ibn Ibrāhīm al-ʻUṣfūr al-Baḥrānī ; ḥaqqaqahu wa-ʻallaqa ʻalayhi Abū Aḥmad ibn Aḥmad ibn Khalaf ibn Aḥmad al-ʻUṣfūr al-Baḥrānī.</subfield>
	</datafield>
	<datafield ind1=" " ind2=" " tag="250">
		<subfield code="6">880-03</subfield>
		<subfield code="a">al-Ṭabʻah 1.</subfield>
	</datafield>
	<datafield ind1=" " ind2=" " tag="260">
		<subfield code="6">880-04</subfield>
		<subfield code="a">[Īrān :</subfield>
		<subfield code="b">s.n.],</subfield>
		<subfield code="c">1406 [1985 or 1986]</subfield>
		<subfield code="e">(Qum :</subfield>
		<subfield code="f">al-Maṭbaʻah al-ʻIlmīyah al-Maʻmūrah)</subfield>
	</datafield>
	<datafield ind1=" " ind2=" " tag="300">
		<subfield code="a">online resource (117 p.)</subfield>
	</datafield>
	<datafield ind1=" " ind2=" " tag="500">
		<subfield code="a">Part of the Arabic Collections Online (ACO) project, contributed by Princeton University Libraries.</subfield>
	</datafield>
	<datafield ind1=" " ind2=" " tag="504">
		<subfield code="a">Includes bibliographical references (p. 102-105) and indexes.</subfield>
	</datafield>
	<datafield ind1=" " ind2=" " tag="533">
		<subfield code="a">Electronic reproduction.</subfield>
		<subfield code="b">New York, N.Y. :</subfield>
		<subfield code="c">New York University,</subfield>
		<subfield code="d">2018.</subfield>
		<subfield code="5">NNU</subfield>
	</datafield>
	<datafield ind1=" " ind2="0" tag="650">
		<subfield code="a">Islam</subfield>
		<subfield code="x">Doctrines.</subfield>
		<subfield code="0">(uri)http://id.loc.gov/authorities/subjects/sh85068396</subfield>
	</datafield>
	<datafield ind1="1" ind2=" " tag="700">
		<subfield code="6">880-05</subfield>
		<subfield code="a">Āl ʻUṣfūr, Bāqir ibn Aḥmad ibn Khalaf,</subfield>
		<subfield code="d">1885 or 1886-</subfield>
		<subfield code="0">(uri)http://id.loc.gov/authorities/names/nr91000607</subfield>
	</datafield>
	<datafield ind1="2" ind2=" " tag="710">
		<subfield code="a">Princeton University.</subfield>
		<subfield code="b">Library.</subfield>
	</datafield>
	<datafield ind1="0" ind2=" " tag="730">
		<subfield code="a">Arabic Collections Online.</subfield>
	</datafield>
	<datafield ind1="0" ind2="8" tag="776">
		<subfield code="i">Print version:</subfield>
		<subfield code="a">Baḥrānī, Yūsuf, -1772? (uri)http://id.loc.gov/authorities/names/n88674539</subfield>
		<subfield code="t">Ajwibat al-masāʼil al-Bahbahānīyah allatī saʼalahā al-Sayyid ʻAbd Allāh al-Bilādī al-Baḥrānī</subfield>
		<subfield code="w">(NjP)478822</subfield>
	</datafield>
	<datafield ind1="4" ind2="0" tag="856">
		<subfield code="u">http://hdl.handle.net/2333.1/xsj3v40q</subfield>
	</datafield>
	<datafield ind1="1" ind2=" " tag="880">
		<subfield code="6">100-01</subfield>
		<subfield code="a">بحراني، يوسف،</subfield>
		<subfield code="d">-1772?</subfield>
	</datafield>
	<datafield ind1="1" ind2="0" tag="880">
		<subfield code="6">245-02</subfield>
		<subfield code="a">اجوبة المسائل البهبهانية التي سألها السيد عبد الله البلادي البحراني /</subfield>
		<subfield code="c">تصنيف يوسف بن احمد بن ابراهيم العصفور البحراني ؛ حققه وعلق عليه ابو احمد بن احمد بن خلف بن احمد العصفور البحراني.</subfield>
	</datafield>
	<datafield ind1=" " ind2=" " tag="880">
		<subfield code="6">250-03</subfield>
		<subfield code="a">الطبعة 1.</subfield>
	</datafield>
	<datafield ind1=" " ind2=" " tag="880">
		<subfield code="6">260-04</subfield>
		<subfield code="a">[ايران :</subfield>
		<subfield code="b">s.n.]،</subfield>
		<subfield code="c">1406 [1985 او 1986]</subfield>
		<subfield code="e">(قم :</subfield>
		<subfield code="f">المطبعة العلمية المعموره)</subfield>
	</datafield>
	<datafield ind1="1" ind2=" " tag="880">
		<subfield code="6">700-05</subfield>
		<subfield code="a">آل عصفور، باقر بن احمد بن خلف،</subfield>
		<subfield code="d">1885 or 1886-</subfield>
	</datafield>
	<datafield ind1=" " ind2=" " tag="911">
		<subfield code="a">19941018</subfield>
	</datafield>
	<datafield ind1=" " ind2=" " tag="912">
		<subfield code="a">19941003000000.0</subfield>
	</datafield>
	<datafield ind1=" " ind2=" " tag="959">
		<subfield code="a">NNU</subfield>
		<subfield code="b">WEB</subfield>
		<subfield code="c">GENI</subfield>
		<subfield code="t">0</subfield>
		<subfield code="m">Electronic access</subfield>
		<subfield code="s">01</subfield>
	</datafield>
	<datafield ind1=" " ind2=" " tag="999">
		<subfield code="a">478822</subfield>
		<subfield code="s">princeton_aco001101</subfield>
	</datafield>
</record>
